
@Book{eagly_psychology_1993,
	title = {The psychology of attitudes},
	publisher = {Harcourt Brace Jovanovich College Publishers},
	author = {Eagly, Alice H. and Chaiken, Shelly},
	year = {1993},
}

@article{simpson_engagement_2009,
	title = {Engagement at work: A review of the literature},
	volume = {46},
	shorttitle = {Engagement at work},
	pages = {1012--1024},
	number = {7},
	journaltitle = {International journal of nursing studies},
	author = {Simpson, Michelle R.},
	date = {2009}
}

@article{harter_business_2002,
  title = {Business-unit-level relationship between employee satisfaction, employee engagement, and business outcomes: a meta-analysis.},
  volume = {87},
  shorttitle = {Business-unit-level relationship between employee satisfaction, employee engagement, and business outcomes},
  pages = {268},
  number = {2},
  journaltitle = {Journal of applied psychology},
  author = {Harter, James K. and Schmidt, Frank L. and Hayes, Theodore L.},
  date = {2002},
}

@article{kahn_psychological_1990,
  title = {Psychological conditions of personal engagement and disengagement at work},
  volume = {33},
  pages = {692-724},
  number = {4},
  journaltitle = {Academy of management journal},
  author = {Kahn, William A.},
  date = {1990},
}

@article{leiter_areas_2003,
  title = {Areas of worklife: A structured approach to organizational predictors of job burnout},
  volume = {3},
  shorttitle = {Areas of worklife},
  pages = {91-134},
  number = {1},
  journaltitle = {Research in occupational stress and well being},
  author = {Leiter, Michael P. and Maslach, Christina},
  date = {2003},
}

@article{rothbard_enriching_2001,
  title = {Enriching or depleting? The dynamics of engagement in work and family roles},
  volume = {46},
  shorttitle = {Enriching or depleting?},
  pages = {655-684},
  number = {4},
  journaltitle = {Administrative science quarterly},
  author = {Rothbard, Nancy P.},
  date = {2001},
}

@article{saks_antecedents_2006,
  title = {Antecedents and consequences of employee engagement},
  journaltitle = {Journal of managerial psychology},
  author = {Saks, Alan M.},
  date = {2006},
}

@article{schaufeli_measurement_2002,
  title = {The measurement of engagement and burnout: A two sample confirmatory factor analytic approach},
  volume = {3},
  shorttitle = {The measurement of engagement and burnout},
  pages = {71-92},
  number = {1},
  journaltitle = {Journal of Happiness studies},
  author = {Schaufeli, Wilmar B. and Salanova, Marisa and González-Romá, Vicente and Bakker, Arnold B.},
  date = {2002},
}